@article{yang2022algorithm,
  title={Algorithm/hardware codesign for real-time on-satellite CNN-based ship detection in SAR imagery},
  author={Yang, Geng and Lei, Jie and Xie, Weiying and Fang, Zhenman and Li, Yunsong and Wang, Jiaxuan and Zhang, Xin},
  journal={IEEE Transactions on Geoscience and Remote Sensing},
  volume={60},
  pages={1--18},
  year={2022},
  publisher={IEEE}
}

@article{buttar2022semantic,
  title={Semantic segmentation of clouds in satellite images based on U-Net++ architecture and attention mechanism},
  author={Buttar, Preetpal Kaur and Sachan, Manoj Kumar},
  journal={Expert Systems with Applications},
  volume={209},
  pages={118380},
  year={2022},
  publisher={Elsevier}
}

@article{cheng2023leo,
  title={An leo constellation early warning system decision-making method based on hierarchical reinforcement learning},
  author={Cheng, Yu and Wei, Cheng and Sun, Shengxin and You, Bindi and Zhao, Yang},
  journal={Sensors},
  volume={23},
  number={4},
  pages={2225},
  year={2023},
  publisher={MDPI}
}

@article{zhang2022progress,
  title={Progress and challenges in intelligent remote sensing satellite systems},
  author={Zhang, Bing and Wu, Yuanfeng and Zhao, Boya and Chanussot, Jocelyn and Hong, Danfeng and Yao, Jing and Gao, Lianru},
  journal={IEEE Journal of Selected Topics in Applied Earth Observations and Remote Sensing},
  volume={15},
  pages={1814--1822},
  year={2022},
  publisher={IEEE}
}

@article{barmpoutis2020review,
  title={A review on early forest fire detection systems using optical remote sensing},
  author={Barmpoutis, Panagiotis and Papaioannou, Periklis and Dimitropoulos, Kosmas and Grammalidis, Nikos},
  journal={Sensors},
  volume={20},
  number={22},
  pages={6442},
  year={2020},
  publisher={MDPI}
}

@article{chen2020cascading,
  title={Cascading and pulse-like ruptures during the 2019 Ridgecrest earthquakes in the Eastern California Shear Zone},
  author={Chen, Kejie and Avouac, Jean-Philippe and Aati, Saif and Milliner, Chris and Zheng, Fu and Shi, Chuang},
  journal={Nature communications},
  volume={11},
  number={1},
  pages={22},
  year={2020},
  publisher={Nature Publishing Group UK London}
}

@inproceedings{vasisht2021l2d2,
  title={L2D2: Low latency distributed downlink for LEO satellites},
  author={Vasisht, Deepak and Shenoy, Jayanth and Chandra, Ranveer},
  booktitle={Proceedings of the 2021 ACM SIGCOMM 2021 Conference},
  pages={151--164},
  year={2021}
}

@inproceedings{denby2020orbital,
  title={Orbital edge computing: Nanosatellite constellations as a new class of computer system},
  author={Denby, Bradley and Lucia, Brandon},
  booktitle={Proceedings of the Twenty-Fifth International Conference on Architectural Support for Programming Languages and Operating Systems},
  pages={939--954},
  year={2020}
}

@inproceedings{liu2024orbit,
  title={In-Orbit Processing or Not? Sunlight-Aware Task Scheduling for Energy-Efficient Space Edge Computing Networks},
  author={Liu, Weisen and Lai, Zeqi and Wu, Qian and Li, Hewu and Zhang, Qi and Li, Zonglun and Li, Yuanjie and Liu, Jun},
  booktitle={IEEE INFOCOM 2024-IEEE Conference on Computer Communications},
  pages={881--890},
  year={2024},
  organization={IEEE}
}

